
@Article{Besbes_2015,
  author    = {Besbes, Omar and Gur, Yonatan and Zeevi, Assaff},
  journal   = {Operations Research},
  title     = {Non-Stationary Stochastic Optimization},
  year      = {2015},
  issn      = {1526-5463},
  month     = {10},
  number    = {5},
  pages     = {1227–1244},
  volume    = {63},
  publisher = {Institute for Operations Research and the Management Sciences},
}

@Book{Rasmussen_2006,
  author        = {Rasmussen, C. E. and Williams, C. K. I.},
  publisher     = {MIT Press},
  title         = {Gaussian Processes for Machine Learning},
  year          = {2006},
  address       = {Cambridge, MA, USA},
  month         = jan,
  series        = {Adaptive Computation and Machine Learning},
  month_numeric = {1},
  organization  = {Max-Planck-Gesellschaft},
  pages         = {248},
  school        = {Biologische Kybernetik},
}

@InProceedings{McHutchon_2011,
  author    = {McHutchon, Andrew and Rasmussen, Carl},
  booktitle = {Advances in Neural Information Processing Systems},
  title     = {Gaussian Process Training with Input Noise},
  year      = {2011},
  editor    = {J. Shawe-Taylor and R. Zemel and P. Bartlett and F. Pereira and K. Q. Weinberger},
  publisher = {Curran Associates, Inc.},
  volume    = {24},
}

@Article{Vaerenbergh_2012,
  author  = {Van Vaerenbergh, Steven and Lazaro-Gredilla, Miguel and Santamaria, Ignacio},
  journal = {IEEE Transactions on Neural Networks and Learning Systems},
  title   = {Kernel Recursive Least-Squares Tracker for Time-Varying Regression},
  year    = {2012},
  number  = {8},
  pages   = {1313-1326},
  volume  = {23},
}

@Article{Sarkka_2013,
  author  = {Sarkka, Simo and Solin, Arno and Hartikainen, Jouni},
  journal = {IEEE Signal Processing Magazine},
  title   = {Spatiotemporal Learning via Infinite-Dimensional Bayesian Filtering and Smoothing: A Look at Gaussian Process Regression Through Kalman Filtering},
  year    = {2013},
  number  = {4},
  pages   = {51-61},
  volume  = {30},
}

@InProceedings{Snoek_2014,
  author    = {Jasper Snoek and Kevin Swersky and Rich Zemel and Ryan Adams},
  booktitle = {Proceedings of the 31st International Conference on Machine Learning},
  title     = {Input Warping for Bayesian Optimization of Non-Stationary Functions},
  year      = {2014},
  month     = {22--24 Jun},
  number    = {2},
  pages     = {1674--1682},
  publisher = {PMLR},
  series    = {Proceedings of Machine Learning Research},
  volume    = {32},
}

@Article{Shahriari_2016,
  author  = {Shahriari, Bobak and Swersky, Kevin and Wang, Ziyu and Adams, Ryan P. and de Freitas, Nando},
  journal = {Proceedings of the IEEE},
  title   = {Taking the Human Out of the Loop: A Review of Bayesian Optimization},
  year    = {2016},
  number  = {1},
  pages   = {148-175},
  volume  = {104},
}

@InProceedings{Bogunovic_2016,
  author    = {Bogunovic, Ilija and Scarlett, Jonathan and Cevher, Volkan},
  booktitle = {Proceedings of the 19th International Conference on Artificial Intelligence and Statistics},
  title     = {Time-Varying Gaussian Process Bandit Optimization},
  year      = {2016},
  month     = {05},
  pages     = {314--323},
  publisher = {PMLR},
  series    = {Proceedings of Machine Learning Research},
  volume    = {51},
}

@InProceedings{Carron_2016,
  author    = {Carron, Andrea and Todescato, Marco and Carli, Ruggero and Schenato, Luca and Pillonetto, Gianluigi},
  booktitle = {IEEE 55th Conference on Decision and Control},
  title     = {Machine learning meets Kalman Filtering},
  year      = {2016},
  pages     = {4594-4599},
}

@InProceedings{Meier_2016,
  author    = {Meier, Franziska and Schaal, Stefan},
  booktitle = {IEEE International Conference on Robotics and Automation},
  title     = {Drifting Gaussian processes with varying neighborhood sizes for online model learning},
  year      = {2016},
  pages     = {264-269},
}

@InProceedings{Marco_2016,
  author    = {Marco, Alonso and Hennig, Philipp and Bohg, Jeannette and Schaal, Stefan and Trimpe, Sebastian},
  booktitle = {IEEE International Conference on Robotics and Automation},
  title     = {Automatic LQR tuning based on Gaussian process global optimization},
  year      = {2016},
  pages     = {270-277},
}

@Article{Wang_2016,
  author  = {Wang, Xiaojing and Berger, James O.},
  journal = {SIAM/ASA Journal on Uncertainty Quantification},
  title   = {Estimating Shape Constrained Functions Using Gaussian Processes},
  year    = {2016},
  number  = {1},
  pages   = {1-25},
  volume  = {4},
}

@InProceedings{Jidling_2017,
  author    = {Jidling, Carl and Wahlstr\"{o}m, Niklas and Wills, Adrian and Sch\"{o}n, Thomas B},
  booktitle = {Advances in Neural Information Processing Systems},
  title     = {Linearly Constrained Gaussian Processes},
  year      = {2017},
  publisher = {Curran Associates, Inc.},
  volume    = {30},
}

@InProceedings{Marco_2017,
  author    = {Marco, Alonso and Hennig, Philipp and Schaal, Stefan and Trimpe, Sebastian},
  booktitle = {IEEE 56th Annual Conference on Decision and Control},
  title     = {On the design of LQR kernels for efficient controller learning},
  year      = {2017},
  pages     = {5193-5200},
}

@Misc{Nyikosa_2018,
  author        = {Favour M. Nyikosa and Michael A. Osborne and Stephen J. Roberts},
  title         = {Bayesian Optimization for Dynamic Problems},
  year          = {2018},
  archiveprefix = {arXiv},
}

@Article{Agrell_2019,
  author  = {Christian Agrell},
  journal = {Journal of Machine Learning Research},
  title   = {Gaussian Processes with Linear Operator Inequality Constraints},
  year    = {2019},
  number  = {135},
  pages   = {1-36},
  volume  = {20},
}

@InProceedings{Neykov_2019,
  author    = {Neykov, Matey},
  booktitle = {Proceedings of the 22nd International Conference on Artificial Intelligence and Statistics},
  title     = {Gaussian Regression with Convex Constraints},
  year      = {2019},
  month     = {4},
  pages     = {31--38},
  publisher = {PMLR},
  series    = {Proceedings of Machine Learning Research},
  volume    = {89},
}

@InProceedings{Aubin_2020,
  author    = {Aubin-Frankowski, Pierre-Cyril and Szabo, Zoltan},
  booktitle = {Advances in Neural Information Processing Systems},
  title     = {Hard Shape-Constrained Kernel Machines},
  year      = {2020},
  pages     = {384--395},
  publisher = {Curran Associates, Inc.},
  volume    = {33},
}

@Misc{Imamura_2020,
  author        = {Hideaki Imamura and Nontawat Charoenphakdee and Futoshi Futami and Issei Sato and Junya Honda and Masashi Sugiyama},
  title         = {Time-varying Gaussian Process Bandit Optimization with Non-constant Evaluation Time},
  year          = {2020},
  archiveprefix = {arXiv},
}

@Article{Swiler_2020,
  author  = {Swiler, Laura P. and Gulian, Mamikon and Frankel, Ari L. and Safta, Cosmin and Jakeman, John D.},
  journal = {Journal of Machine Learning for Modeling and Computing},
  title   = {A Survey of Constrained Gaussian Process Regression: Approaches and Implementation Challenges},
  year    = {2020},
  number  = {2},
  pages   = {119–156},
  volume  = {1},
}

@Misc{Renganathan_2020,
  author        = {S. Ashwin Renganathan and Jeffrey Larson and Stefan Wild},
  title         = {Recursive Two-Step Lookahead Expected Payoff for Time-Dependent Bayesian Optimization},
  year          = {2020},
  archiveprefix = {arXiv},
}

@InProceedings{Zhao_2020,
  author    = {Zhao, Peng and Wang, Guanghui and Zhang, Lijun and Zhou, Zhi-Hua},
  booktitle = {Proceedings of the 23rd International Conference on Artificial Intelligence and Statistics},
  title     = {Bandit Convex Optimization in Non-stationary Environments},
  year      = {2020},
  month     = {8},
  pages     = {1508--1518},
  publisher = {PMLR},
  series    = {Proceedings of Machine Learning Research},
  volume    = {108},
}

@InProceedings{Hartikainen_2010,
  author    = {Hartikainen, Jouni and Särkkä, Simo},
  booktitle = {IEEE International Workshop on Machine Learning for Signal Processing},
  title     = {Kalman filtering and smoothing solutions to temporal Gaussian process regression models},
  year      = {2010},
  pages     = {379-384},
}

@Article{Cao_2021,
  author    = {Xuanyu Cao and Junshan Zhang and H. Vincent Poor},
  journal   = {IEEE Transactions on Automatic Control},
  title     = {Online Stochastic Optimization With Time-Varying Distributions},
  year      = {2021},
  month     = {4},
  number    = {4},
  pages     = {1840--1847},
  volume    = {66},
  publisher = {Institute of Electrical and Electronics Engineers ({IEEE})},
}

@InProceedings{Lee_2016,
  author    = {Soomin Lee and Michael M. Zavlanos},
  booktitle = {American Control Conference},
  title     = {Distributed primal-dual methods for online constrained optimization},
  year      = {2016},
  month     = {7},
  publisher = {{IEEE}},
}

@InProceedings{Huber_2013,
  author    = {Marco F. Huber},
  booktitle = {IEEE International Conference on Acoustics, Speech and Signal Processing},
  title     = {Recursive Gaussian process regression},
  year      = {2013},
  month     = {5},
  publisher = {{IEEE}},
}

@PhdThesis{Duvenaud_2014,
  author    = {Duvenaud, David},
  title     = {Automatic model construction with Gaussian processes},
  year      = {2014},
  publisher = {Apollo - University of Cambridge Repository},
}

@Book{Boyd_2004,
  author    = {Boyd, Stephen and Vandenberghe, Lieven},
  publisher = {Cambridge university press},
  title     = {Convex Optimization},
  year      = {2004},
}

@InProceedings{Slivkins_2008,
  author    = {Slivkins, Alex and Upfal, Eli},
  booktitle = {21st Conference on Learning Theory},
  title     = {Adapting to a Changing Environment: the Brownian Restless Bandits},
  year      = {2008},
  month     = {07},
  pages     = {343-354},
  edition   = {21st Conference on Learning Theory},
}

@InProceedings{Titsias_2009,
  author    = {Titsias, Michalis},
  booktitle = {Proceedings of the 12th International Conference on Artificial Intelligence and Statistics},
  title     = {Variational Learning of Inducing Variables in Sparse Gaussian Processes},
  year      = {2009},
  month     = {4},
  pages     = {567--574},
  publisher = {PMLR},
  series    = {Proceedings of Machine Learning Research},
  volume    = {5},
}

@InProceedings{pmlr-v9-riihimaki10a,
  author    = {Riihimäki, Jaakko and Vehtari, Aki},
  booktitle = {Proceedings of the 13th International Conference on Artificial Intelligence and Statistics},
  title     = {Gaussian processes with monotonicity information},
  year      = {2010},
  month     = {5},
  pages     = {645--652},
  publisher = {PMLR},
  series    = {Proceedings of Machine Learning Research},
  volume    = {9},
}

@InProceedings{Srinivas_2010,
  author    = {Srinivas, Niranjan and Krause, Andreas and Kakade, Sham and Seeger, Matthias},
  booktitle = {Proceedings of the 27th International Conference on International Conference on Machine Learning},
  title     = {Gaussian Process Optimization in the Bandit Setting: No Regret and Experimental Design},
  year      = {2010},
  address   = {Madison, WI, USA},
  pages     = {1015–1022},
  publisher = {Omnipress},
  series    = {ICML'10},
}

@Article{Cruz_2011,
  author  = {Cruz, Carlos and Gonz\'{a}lez, Juan R. and Pelta, David A.},
  journal = {Soft Computing},
  title   = {Optimization in Dynamic Environments: A Survey on Problems, Methods and Measures},
  year    = {2011},
  issn    = {1432-7643},
  month   = {7},
  number  = {7},
  pages   = {1427–1448},
  volume  = {15},
}

@Article{Da_Veiga_2012,
  author  = {Da Veiga, S\'ebastien and Marrel, Amandine},
  journal = {Annales de la Facult\'e des sciences de Toulouse : Math\'ematiques},
  title   = {Gaussian process modeling with inequality constraints},
  year    = {2012},
  number  = {3},
  pages   = {529--555},
  volume  = {Ser. 6, 21},
}

@InProceedings{Vaerenbergh2_2012,
  author    = {Van Vaerenbergh, Steven and Santamaría, Ignacio and Lázaro-Gredilla, Miguel},
  booktitle = {IEEE International Workshop on Machine Learning for Signal Processing},
  title     = {Estimation of the forgetting factor in kernel recursive least squares},
  year      = {2012},
  pages     = {1-6},
}

@InProceedings{Besbes_2014,
  author    = {Besbes, Omar and Gur, Yonatan and Zeevi, Assaf},
  booktitle = {Advances in Neural Information Processing Systems},
  title     = {Stochastic Multi-Armed-Bandit Problem with Non-stationary Rewards},
  year      = {2014},
  publisher = {Curran Associates, Inc.},
  volume    = {27},
}

@Article{Botev2016,
  author    = {Botev, Z. I.},
  journal   = {Journal of the Royal Statistical Society: Series B (Statistical Methodology)},
  title     = {The normal law under linear restrictions: simulation and estimation via minimax tilting},
  year      = {2016},
  month     = {2},
  number    = {1},
  pages     = {125–148},
  volume    = {79},
  publisher = {Wiley},
}

@Misc{Jauch_2016,
  author        = {Michael Jauch and Víctor Peña},
  title         = {Bayesian Optimization with Shape Constraints},
  year          = {2016},
  archiveprefix = {arXiv},
}

@Article{Maatouk_2017,
  author    = {Maatouk, Hassan and Bay, Xavier},
  journal   = {Mathematical Geosciences},
  title     = {Gaussian process emulators for computer experiments with inequality constraints},
  year      = {2017},
  number    = {5},
  pages     = {557--582},
  volume    = {49},
  publisher = {Springer},
}

@InProceedings{Gardner_2014,
  author    = {Gardner, Jacob R and Kusner, Matt J and Xu, Zhixiang Eddie and Weinberger, Kilian Q and Cunningham, John P},
  booktitle = {International Conference on Machine Learning},
  title     = {Bayesian Optimization with Inequality Constraints.},
  year      = {2014},
  pages     = {937--945},
  volume    = {2014},
}

@Article{Bachoc_2019,
  author    = {Bachoc, Fran{\c{c}}ois and Lagnoux, Agnes and L{\'o}pez-Lopera, Andr{\'e}s F},
  journal   = {Electronic Journal of Statistics},
  title     = {Maximum likelihood estimation for Gaussian processes under inequality constraints},
  year      = {2019},
  number    = {2},
  pages     = {2921--2969},
  volume    = {13},
  publisher = {Institute of Mathematical Statistics and Bernoulli Society},
}

@InProceedings{Geist_2020,
  author    = {Geist, A. René and Trimpe, Sebastian},
  booktitle = {Proceedings of the 2nd Conference on Learning for Dynamics and Control},
  title     = {Learning Constrained Dynamics with Gauss Principle adhering Gaussian Processes},
  year      = {2020},
  month     = {6},
  pages     = {225--234},
  publisher = {PMLR},
  series    = {Proceedings of Machine Learning Research (PMLR)},
  volume    = {120},
}

@Article{Simonetto_2020,
  author    = {Simonetto, Andrea and Dall'Anese, Emiliano and Paternain, Santiago and Leus, Geert and Giannakis, Georgios B},
  journal   = {Proceedings of the IEEE},
  title     = {Time-varying convex optimization: Time-structured algorithms and applications},
  year      = {2020},
  number    = {11},
  pages     = {2032--2048},
  volume    = {108},
  publisher = {IEEE},
}

@Article{Ospina_2021,
  author  = {Ospina, Ana M and Simonetto, Andrea and Dall'Anese, Emiliano},
  journal = {arXiv},
  title   = {Time-Varying Optimization of Networked Systems with Human Preferences},
  year    = {2021},
}

@Misc{Owen_2021,
  author        = {Lucy Owen and Jonathan Browder and Benjamin Letham and Gideon Stocek and Chase Tymms and Michael Shvartsman},
  title         = {Adaptive Nonparametric Psychophysics},
  year          = {2021},
  archiveprefix = {arXiv},
}

@Misc{Wang_2021,
  author        = {Jingkang Wang and Mengye Ren and Ilija Bogunovic and Yuwen Xiong and Raquel Urtasun},
  title         = {Cost-Efficient Online Hyperparameter Optimization},
  year          = {2021},
  archiveprefix = {arXiv},
}

@InProceedings{Zhou_2021,
  author       = {Zhou, Xingyu and Shroff, Ness},
  booktitle    = {55th Annual Conference on Information Sciences and Systems},
  title        = {No-Regret Algorithms for Time-Varying Bayesian Optimization},
  year         = {2021},
  organization = {IEEE},
  pages        = {1--6},
}

@Misc{Deng_2021,
  author        = {Yuntian Deng and Xingyu Zhou and Baekjin Kim and Ambuj Tewari and Abhishek Gupta and Ness Shroff},
  title         = {Weighted Gaussian Process Bandits for Non-stationary Environments},
  year          = {2021},
  archiveprefix = {arXiv},
}

@Article{Deisenroth_2015,
  author    = {M. Deisenroth and D. Fox and C. Rasmussen},
  journal   = {IEEE Transactions on Pattern Analysis & Machine Intelligence},
  title     = {Gaussian Processes for Data-Efficient Learning in Robotics and Control},
  year      = {2015},
  issn      = {1939-3539},
  month     = {2},
  number    = {02},
  pages     = {408-423},
  volume    = {37},
  publisher = {IEEE Computer Society},
}

@Article{Kadzan_2019,
  author  = {Kabzan, Juraj and Hewing, Lukas and Liniger, Alexander and Zeilinger, Melanie N.},
  journal = {IEEE Robotics and Automation Letters},
  title   = {Learning-Based Model Predictive Control for Autonomous Racing},
  year    = {2019},
  number  = {4},
  pages   = {3363-3370},
  volume  = {4},
}

@InProceedings{Parker-Holder_2020,
  author    = {Parker-Holder, Jack and Nguyen, Vu and Roberts, Stephen J},
  booktitle = {Advances in Neural Information Processing Systems},
  title     = {Provably Efficient Online Hyperparameter Optimization with Population-Based Bandits},
  year      = {2020},
  pages     = {17200--17211},
  publisher = {Curran Associates, Inc.},
  volume    = {33},
}

@Misc{Parker-Holder_2021,
  author        = {Jack Parker-Holder and Vu Nguyen and Shaan Desai and Stephen Roberts},
  title         = {Tuning Mixed Input Hyperparameters on the Fly for Efficient Population Based AutoRL},
  year          = {2021},
  archiveprefix = {arXiv},
}

@Article{Chen_2021,
  author  = {Chen, Qinyi and Golrezaei, Negin and Bouneffouf, Djallel},
  journal = {SSRN 3887608},
  title   = {Dynamic Bandits with Temporal Structure},
  year    = {2021},
}

@Article{Slivkins_2019,
  author  = {Slivkins, Aleksandrs},
  journal = {arXiv},
  title   = {Introduction to multi-armed bandits},
  year    = {2019},
}

@Article{Su_2018,
  author  = {Su, Jie and Wu, Junfeng and Cheng, Peng and Chen, Jiming},
  journal = {IEEE Transactions on Vehicular Technology},
  title   = {Autonomous Vehicle Control Through the Dynamics and Controller Learning},
  year    = {2018},
  number  = {7},
  pages   = {5650-5657},
  volume  = {67},
}

@Article{Koenig_2021,
  author  = {K{\"o}nig, Christopher and Turchetta, Matteo and Lygeros, John and Rupenyan, Alisa and Krause, Andreas},
  journal = {arXiv},
  title   = {Safe and efficient model-free adaptive control via bayesian optimization},
  year    = {2021},
}

@InProceedings{Baheri_2017,
  author       = {Baheri, Ali and Vermillion, Christopher},
  booktitle    = {American Control Conference},
  title        = {Altitude optimization of airborne wind energy systems: A Bayesian optimization approach},
  year         = {2017},
  organization = {IEEE},
  pages        = {1365--1370},
}

@InProceedings{Raj_2020,
  author    = {Harsh Raj and Suvodip Dey and Hiransh Gupta and P. K. Srijith},
  booktitle = {Neural Information Processing - 27th International Conference},
  title     = {Improving Adaptive Bayesian Optimization with Spectral Mixture Kernel},
  year      = {2020},
  pages     = {370--377},
  publisher = {Springer},
  series    = {Communications in Computer and Information Science},
  volume    = {1333},
}

@InProceedings{Krause_2011,
  author    = {Krause, Andreas and Ong, Cheng},
  booktitle = {Advances in Neural Information Processing Systems},
  title     = {Contextual Gaussian Process Bandit Optimization},
  year      = {2011},
  publisher = {Curran Associates, Inc.},
  volume    = {24},
}

@InProceedings{Snoek_2012,
  author    = {Snoek, Jasper and Larochelle, Hugo and Adams, Ryan P},
  booktitle = {Advances in Neural Information Processing Systems},
  title     = {Practical Bayesian Optimization of Machine Learning Algorithms},
  year      = {2012},
  publisher = {Curran Associates, Inc.},
  volume    = {25},
}

@InProceedings{Jeong_2021,
  author    = {Jeong, Taewon and Kim, Heeyoung},
  booktitle = {Proceedings of the 38th International Conference on Machine Learning},
  title     = {Objective Bound Conditional Gaussian Process for Bayesian Optimization},
  year      = {2021},
  month     = {7},
  pages     = {4819--4828},
  publisher = {PMLR},
  series    = {Proceedings of Machine Learning Research},
  volume    = {139},
}

@InProceedings{Chapelle_2011,
  author    = {Chapelle, Olivier and Li, Lihong},
  booktitle = {Advances in Neural Information Processing Systems},
  title     = {An Empirical Evaluation of Thompson Sampling},
  year      = {2011},
  publisher = {Curran Associates, Inc.},
  volume    = {24},
}

@Article{Solowjow_2020,
  author        = {Solowjow, Friedrich and Trimpe, Sebastian},
  journal       = {Automatica},
  title         = {Event-triggered Learning},
  year          = {2020},
  month         = {7},
  pages         = {109009},
  volume        = {117},
  month_numeric = {7},
  publisher     = {Elsevier},
}

@Article{Kushner_1964,
  author  = {Kushner, H. J.},
  journal = {Journal of Basic Engineering},
  title   = {{A New Method of Locating the Maximum Point of an Arbitrary Multipeak Curve in the Presence of Noise}},
  year    = {1964},
  month   = {03},
  number  = {1},
  pages   = {97-106},
  volume  = {86},
}

@Article{Auer_2002,
  author  = {Auer, Peter},
  journal = {Journal of Machine Learning Research},
  title   = {Using confidence bounds for exploitation-exploration trade-offs},
  year    = {2002},
  number  = {Nov},
  pages   = {397--422},
  volume  = {3},
}

@InProceedings{Gardner_2018,
  author    = {Gardner, Jacob and Pleiss, Geoff and Weinberger, Kilian Q and Bindel, David and Wilson, Andrew G},
  booktitle = {Advances in Neural Information Processing Systems},
  title     = {GPyTorch: Blackbox Matrix-Matrix Gaussian Process Inference with GPU Acceleration},
  year      = {2018},
  publisher = {Curran Associates, Inc.},
  volume    = {31},
}

@InProceedings{Balandat_2020,
  author    = {Balandat, Maximilian and Karrer, Brian and Jiang, Daniel R. and Daulton, Samuel and Letham, Benjamin and Wilson, Andrew Gordon and Bakshy, Eytan},
  booktitle = {Advances in Neural Information Processing Systems},
  title     = {{BoTorch: A Framework for Efficient Monte-Carlo Bayesian Optimization}},
  year      = {2020},
  volume    = {33},
}

@Article{Hennig_2012,
  author        = {Hennig, P. and Schuler, CJ.},
  journal       = {Journal of Machine Learning Research},
  title         = {Entropy Search for Information-Efficient Global Optimization},
  year          = {2012},
  month         = jun,
  pages         = {1809-1837},
  volume        = {13},
  month_numeric = {6},
}

@InCollection{Paszke_2019,
  author    = {Paszke, Adam and Gross, Sam and Massa, Francisco and Lerer, Adam and Bradbury, James and Chanan, Gregory and Killeen, Trevor and Lin, Zeming and Gimelshein, Natalia and Antiga, Luca and Desmaison, Alban and Kopf, Andreas and Yang, Edward and DeVito, Zachary and Raison, Martin and Tejani, Alykhan and Chilamkurthy, Sasank and Steiner, Benoit and Fang, Lu and Bai, Junjie and Chintala, Soumith},
  booktitle = {Advances in Neural Information Processing Systems 32},
  publisher = {Curran Associates, Inc.},
  title     = {PyTorch: An Imperative Style, High-Performance Deep Learning Library},
  year      = {2019},
  pages     = {8024--8035},
}
